<record><leader>00000cas a2200000 a 4500</leader><controlfield tag="001">51039584</controlfield><controlfield tag="008">021120c20009999iluwr ne      0   a0eng c</controlfield><datafield ind1=" " ind2=" " tag="010"><subfield code="a">sn2002060783</subfield></datafield><datafield ind1=" " ind2=" " tag="040"><subfield code="a">CVF</subfield><subfield code="b">eng</subfield><subfield code="c">CVF</subfield><subfield code="d">OCLCQ</subfield><subfield code="d">NVF</subfield><subfield code="d">OCLCQ</subfield><subfield code="d">OCLCF</subfield><subfield code="d">NVF</subfield><subfield code="d">OCLCO</subfield></datafield><datafield ind1="1" ind2=" " tag="029"><subfield code="a">AU@</subfield><subfield code="b">000024221383</subfield></datafield><datafield ind1=" " ind2=" " tag="042"><subfield code="a">pcc</subfield></datafield><datafield ind1=" " ind2=" " tag="043"><subfield code="a">n-us-il</subfield></datafield><datafield ind1="0" ind2="0" tag="245"><subfield code="a">Lemont reporter/met.</subfield></datafield><datafield ind1="3" ind2=" " tag="246"><subfield code="a">Lemont reporter met</subfield></datafield><datafield ind1="3" ind2=" " tag="246"><subfield code="a">Lemont reporter/metropolitan</subfield></datafield><datafield ind1=" " ind2=" " tag="260"><subfield code="a">Lemont, Ill. :</subfield><subfield code="b">Liberty Group Pub.,</subfield><subfield code="c">2000-</subfield></datafield><datafield ind1=" " ind2=" " tag="300"><subfield code="a">v.</subfield></datafield><datafield ind1=" " ind2=" " tag="310"><subfield code="a">Weekly</subfield></datafield><datafield ind1="0" ind2=" " tag="362"><subfield code="a">Vol. 34, no. 31 (Aug. 3, 2000)-</subfield></datafield><datafield ind1=" " ind2=" " tag="580"><subfield code="a">Formed by the union of: Lemont reporter and: Lemont metropolitan.</subfield></datafield><datafield ind1=" " ind2="0" tag="651"><subfield code="a">Lemont (Ill.)</subfield><subfield code="v">Newspapers.</subfield></datafield><datafield ind1=" " ind2="7" tag="651"><subfield code="a">Illinois</subfield><subfield code="z">Lemont.</subfield><subfield code="2">fast</subfield><subfield code="0">(OCoLC)fst01213957</subfield></datafield><datafield ind1=" " ind2="7" tag="655"><subfield code="a">Newspapers.</subfield><subfield code="2">fast</subfield><subfield code="0">(OCoLC)fst01423814</subfield></datafield><datafield ind1=" " ind2=" " tag="752"><subfield code="a">United States</subfield><subfield code="b">Illinois</subfield><subfield code="c">Cook</subfield><subfield code="d">Lemont.</subfield></datafield><datafield ind1="1" ind2="4" tag="780"><subfield code="t">Lemont reporter</subfield><subfield code="w">(DLC)sn 94060758</subfield><subfield code="w">(OCoLC)31351382</subfield></datafield><datafield ind1="1" ind2="4" tag="780"><subfield code="t">Lemont metropolitan</subfield><subfield code="w">(DLC)sn 85000603</subfield><subfield code="w">(OCoLC)11686757</subfield></datafield></record>